# Alternatif manajemen daftar pustaka dengan \bibliography
# Keuntungannya adalah sitasi dapat langsung disalin dari web (contoh: scholar.google.com) dan format tampilan dapat diubah secara otomatis hanya dengan mengganti konfigurasi \bibliographystyle di thesis.tex https://www.sharelatex.com/learn/Bibtex_bibliography_styles

@inproceedings{angeli2015leveraging,
  title={Leveraging linguistic structure for open domain information extraction},
  author={Angeli, Gabor and Premkumar, Melvin Johnson and Manning, Christopher D},
  booktitle={Proceedings of the 53rd Annual Meeting of the Association for Computational Linguistics (ACL 2015)},
  year={2015}
}

@inproceedings{banko2007open,
  title={Open Information Extraction from the Web.},
  author={Banko, Michele and Cafarella, Michael J and Soderland, Stephen and Broadhead, Matthew and Etzioni, Oren},
  booktitle={IJCAI},
  volume={7},
  pages={2670--2676},
  year={2007}
}

@article{auer2007dbpedia,
  title={Dbpedia: A nucleus for a web of open data},
  author={Auer, S{\"o}ren and Bizer, Christian and Kobilarov, Georgi and Lehmann, Jens and Cyganiak, Richard and Ives, Zachary},
  journal={The semantic web},
  pages={722--735},
  year={2007},
  publisher={Springer}
}

@inproceedings{bollacker2008freebase,
  title={Freebase: a collaboratively created graph database for structuring human knowledge},
  author={Bollacker, Kurt and Evans, Colin and Paritosh, Praveen and Sturge, Tim and Taylor, Jamie},
  booktitle={Proceedings of the 2008 ACM SIGMOD international conference on Management of data},
  pages={1247--1250},
  year={2008},
  organization={AcM}
}

@article{breiman2001random,
  title={Random forests},
  author={Breiman, Leo},
  journal={Machine learning},
  volume={45},
  number={1},
  pages={5--32},
  year={2001},
  publisher={Springer}
}

@article{fan2008liblinear,
  title={LIBLINEAR: A library for large linear classification},
  author={Fan, Rong-En and Chang, Kai-Wei and Hsieh, Cho-Jui and Wang, Xiang-Rui and Lin, Chih-Jen},
  journal={Journal of machine learning research},
  volume={9},
  number={Aug},
  pages={1871--1874},
  year={2008}
}

@article{chang2011libsvm,
  title={LIBSVM: a library for support vector machines},
  author={Chang, Chih-Chung and Lin, Chih-Jen},
  journal={ACM Transactions on Intelligent Systems and Technology (TIST)},
  volume={2},
  number={3},
  pages={27},
  year={2011},
  publisher={ACM}
}

@article{wasserman2015grid,
  title={Grid Search Optimization},
  author={Wasserman, Daniel},
  year={2015}
}

@article{suhartono2014lemmatization,
  title={Lemmatization Technique in Bahasa: Indonesian},
  author={Suhartono, Derwin},
  journal={Journal of Software},
  volume={9},
  number={5},
  pages={1203},
  year={2014}
}

@inproceedings{fader2011identifying,
  title={Identifying relations for open information extraction},
  author={Fader, Anthony and Soderland, Stephen and Etzioni, Oren},
  booktitle={Proceedings of the Conference on Empirical Methods in Natural Language Processing},
  pages={1535--1545},
  year={2011},
  organization={Association for Computational Linguistics}
}

@article{etzioni2011search,
  title={Search needs a shake-up},
  author={Etzioni, Oren},
  journal={Nature},
  volume={476},
  number={7358},
  pages={25--26},
  year={2011},
  publisher={Nature Publishing Group}
}

@inproceedings{etzioni2011open,
  title={Open information extraction: The second generation},
  author={Etzioni, Oren and Fader, Anthony and Christensen, Janara and Soderland, Stephen and others},
  booktitle={Twenty-Second International Joint Conference on Artificial Intelligence},
  year={2011}
}

@inproceedings{fader2011identifying,
  title={Identifying relations for open information extraction},
  author={Fader, Anthony and Soderland, Stephen and Etzioni, Oren},
  booktitle={Proceedings of the Conference on Empirical Methods in Natural Language Processing},
  pages={1535--1545},
  year={2011},
  organization={Association for Computational Linguistics}
}